@INPROCEEDINGS{Chellappa:08,
AUTHOR = {Srinivas Chellappa and Franz Franchetti and Markus P{\"u}schel},
TITLE = {How To Write Fast Numerical Code: A Small Introduction},
BOOKTITLE = {Summer School on Generative and Transformational Techniques in Software Engineering (GTTSE)},
PUBLISHER = {Springer},
SERIES = {Lecture Notes in Computer Science},
VOLUME = {5235},
PAGES = {196--259},
YEAR = {2008}
}

@book{148286,
 author = {Press, William H. and Teukolsky, Saul A. and Vetterling, William T. and Flannery, Brian P.},
 title = {{Numerical recipes in C (2nd ed.): The Art of Scientific Computing}},
 year = {1992},
 isbn = {0-521-43108-5},
 publisher = {Cambridge University Press},
 address = {New York, NY, USA},
 }
